@article{cahierpeda589,
    author = "Hebben Baptiste et Rayzal Alexandra",
    title = "Tu la gères ta classe ?",
    journal = "Les Cahiers Pédagogiques",
    year = "2023",
    month = "September" 
}